@inproceedings{aFall-2,
  title={A delay-tolerant network architecture for challenged internets},
  author={Fall, Kevin},
  booktitle={Proceedings of the 2003 conference on Applications, technologies, architectures, and protocols for computer communications},
  pages={27--34},
  year={2003},
  organization={ACM}
}





@article{
b20082411309161,
   Author = {Fall, K. and Farrell, S.},
   Title = {{DTN}: an architectural retrospective},
   Journal = {Selected Areas in Communications, IEEE Journal on},
   Volume = {26},
   Number = {5},
   Pages = {828-836},
   DOI = {10.1109/JSAC.2008.080609},
   Keywords = {Internet; routing protocols; congestion management; data encoding; delay-disruption tolerant
   networking architecture; design decisions spanning; heterogeneous network; key management; long-running
   operational environment; message format; multicasting capability},
   Year = {2008} }






@inproceedings{cAhmedSalil-4,
  title={Characterization of a large-scale delay tolerant network},
  author={Ahmed, Shabbir and Salil, SK},
  booktitle={Local Computer Networks (LCN), 2010 IEEE 35th Conference on},
  pages={56--63},
  year={2010},
  organization={IEEE}
}






@inproceedings{dSahaGanguly-5,
  title={Information dissemination dynamics in delay tolerant network: a bipartite network approach},
  author={Saha, Sudipta and Ganguly, Niloy and Mukherjee, Animesh},
  booktitle={Proceedings of the third ACM international workshop on Mobile Opportunistic Networks},
  pages={21--28},
  year={2012},
  organization={ACM}
}






@article{
eKleywegtNori-6,
   Author = {Kleywegt, A. J. and Nori, V. S. and Savelsbergh, M. W. P.},
   Title = {The stochastic inventory routing problem with direct deliveries},
   Journal = {Transportation Science},
   Volume = {36},
   Number = {1},
   Pages = {94--118},
   Year = {2002} }




@inproceedings{
fBurgessGallagher-7,
   Author = {Burgess, J. and Gallagher, B. and Jensen, D. and Levine, B. N.},
   Title = {Maxprop: Routing for vehicle-based disruption-tolerant networks},
   BookTitle = {INFOCOM 2006. 25th IEEE International Conference on Computer Communications. Proceedings},
   Volume = {6},
   Pages = {1--11},
   Keywords = {DTN},
   Year = {2006} }




@techreport{gVahdatBecker-8,
  title={Epidemic routing for partially connected ad hoc networks},
  author={Vahdat, Amin and Becker, David and others},
  institution={Technical Report CS-200006, Duke University},
   year={2000}
}




@article{
hAgarwalMotwani-9,
   Author = {Agarwal, R. and Motwani, D. and et al.},
   Title = {Survey of clustering algorithms for {MANET}},
   Journal = {International Journal on Computer Science
and Engineering},
   Year = {2009},
   Volume = {1},
   number = {2},
   pages = {98--104}

    }




@inproceedings{
iLiuLiu-10,
   Author = {Liu, C. and Liu, Y. and Ma, X. and Gao, J.},
   Title = {An Application Scheme of Publish/Subscribe System over Clustering Mobile Ad Hoc Networks},
   BookTitle = {Wireless Communications Networking and Mobile Computing (WiCOM), 2010 6th International
   Conference on},

   Pages = {1--4},
   Year = {2010} }




@inproceedings{
jWangMi-11,
   Author = {Wang, H. and Mi, L. and Xia, C. and Lv, L. and Chen, M.},
   Title = {{TLDV}: Tree-Like Locator Distance Vector routing protocol for {MANET}s},
   BookTitle = {Educational and Information Technology (ICEIT), 2010 International Conference on},
   Volume = {2},
   Pages = {V2--291},
   Year = {2010} }




@article{
kWhitbeckConan-12,
   Author = {Whitbeck, J. and Conan, V.},
   Title = {HYMAD: Hybrid {DTN-MANET} routing for dense and highly dynamic wireless networks},
   Journal = {Computer Communications},
   Volume = {33},
   Number = {13},
   Pages = {1483--1492},
   Year = {2010} }




@article{
lLiuWu-1103,
   Author = {Liu, C. and Wu, J.},
   Title = {Scalable Routing in Delay Tolerant Networks},
   Journal = {MOBIHOC'07: proceeding of the 8th ACM international symposium on mobile ad hoc networking and computing},
   Pages = {51-60},
   Keywords = {Contact; delay tolerant networks (DTNs); delivery; hierarchical routing; motion cycle;
   scalability; simulation},
   Year = {2007} }




@inproceedings{
mAhmedKanhere-14,
   Author = {Ahmed, Shabbir and Kanhere, Salil S.},
   Title = {Cluster-based forwarding in delay tolerant Public Transport Networks},
   BookTitle = {Local Computer Networks, 2007. LCN 2007. 32nd IEEE Conference on},
   Address= {Dublin, Ireland},
   Pages = {625 - 632},
   Keywords = {Block codes;Clustering algorithms;Computers;Flow of solids;Internet},
   Year = {2007} }




@inproceedings{
nGaoCao-15,
   Author = {Gao, W. and Cao, G.},
   Title = {On exploiting transient contact patterns for data forwarding in delay tolerant networks},
   BookTitle = {Network Protocols (ICNP), 2010 18th IEEE International Conference on},
   Pages = {193--202},
   Year = {2010} }




@article{
oWhitbeckConan-16,
   Author = {Whitbeck, J. and Conan, V.},
   Title = {{HYMAD}: Hybrid {DTN-MANET} routing for dense and highly dynamic wireless networks},
   Journal = {Computer Communications},
   Volume = {33},
   Number = {13},
   Pages = {1483--1492},
   Keywords = {ad hoc networks; mobile radio; routing protocols; telecommunication network topology; HYMAD
   hybrid approach; dynamic connectivity; dynamic wireless networks; elastic data delivery; hybrid DTN-MANET
   routing protocol; message copies; mobile ad-hoc networks; topological information exchanges},
   Year = {2010} }




@article{
p20102413007279,
   Author = {Carreras, I. and Miorandi, D. and Chlamtac, I.},
   Title = {A simple model of contact patterns in delay-tolerant networks},
   Journal = {Wireless Networks},
   Volume = {16},
   Number = {3},
   Pages = {851-862},
   Keywords = {Wireless networks; Delay-tolerant networking; Opportunistic forwarding; Epidemic spreading;
   Real-world mobility traces},
   Year = {2010} }




@article{
qGroeneveltNain-18,
   Author = {Groenevelt, R. and Nain, P. and Koole, G.},
   Title = {The message delay in mobile ad hoc networks},
   Journal = {Performance Evaluation},
   Volume = {62},
   Number = {1},
   Pages = {210--228},
   Year = {2005} }




@article{
rLiHui-19,
   Author = {Li, Y. and Hui, P. and Jin, D. and Su, L. and Zeng, L.},
   Title = {Evaluating the impact of social selfishness on the epidemic routing in delay tolerant networks},
   Journal = {Communications Letters, IEEE},
   Volume = {14},
   Number = {11},
   Pages = {1026--1028},
   Year = {2010} }




@article{
s20104613388174,
   Author = {Yong Li and Yurong Jiang and Depeng Jin and Li Su and Lieguang Zeng and Dapeng Wu},
   Title = {Energy-Efficient Optimal Opportunistic Forwarding for Delay-Tolerant Networks},
   Journal = {Vehicular Technology, IEEE Transactions on},
   Volume = {59},
   Number = {9},
   Pages = {4500-4512},
   Keywords = {Markov processes; information dissemination; mobile communication; optimisation; road vehicles;
   telecommunication network routing; continuous-time Markov analysis; delay-tolerant networks;
   energy-efficient opportunistic forwarding; epidemic forwarding; message delivery probability; message
   dissemination; mobile nodes; optimization; routing; two-hop forwarding},
   Year = {2010} }





@inproceedings{t20102413006168,
  title={Know thy neighbor: Towards optimal mapping of contacts to social graphs for dtn routing},
  author={Hossmann, Theus and Spyropoulos, Thrasyvoulos and Legendre, Franck},
  booktitle={INFOCOM, 2010 Proceedings IEEE},
  pages={1--9},
  year={2010}
}










@article{
uHaHongyi-22,
   Author = {Ha Dang and Hongyi Wu},
   Title = {Clustering and cluster-based routing protocol for delay-tolerant mobile networks},
   Journal = {IEEE Transactions on Wireless Communications},
   Volume = {9},
   Number = {6},
   Pages = {1874-1881},
   Keywords = {mobile radio; probability; radio networks; routing protocols; telecommunication network routing;
   DTMN routing; EWMA scheme; cluster-based routing protocol; delay-tolerant mobile networks; exponentially
   weighted moving average; gateway nodes exchange network information; load balancing; mobile nodes; mobility
   pattern; nodal contact probability estimation; true contact probability},
   Year = {2010} }




@inproceedings{vHuWang-23,
  title={On the distribution of inter contact time for {DTN}s},
  author={Hu, Yuting and Wang, Haiquan and Xia, Chunhe and Li, Weiguo and Yang, Ying},
  booktitle={Local Computer Networks (LCN), 2012 IEEE 37th Conference on},
  pages={152--155},
  year={2012},
  organization={IEEE}
}


@inproceedings{
wKimKotz-24,
   Author = {Kim, M. and Kotz, D. and Kim, S.},
   Title = {Extracting a mobility model from real user traces},
   BookTitle = {Proc. IEEE Infocom},
   Volume = {6},
   Pages = {1--13},
   Year = {2006} }




@article{
xChaintreauHui-25,
   Author = {Chaintreau, A. and Hui, P. and Crowcroft, J. and Diot, C. and Gass, R. and Scott, J.},
   Title = {Impact of human mobility on opportunistic forwarding algorithms},
   Journal = {Mobile Computing, IEEE Transactions on},
   Volume = {6},
   Number = {6},
   Pages = {606--620},
   Year = {2007} }




@inproceedings{
yJiangLi-26,
   Author = {Jiang, Y. and Li, Y. and Zhou, L. and Jin, D. and Su, L. and Zeng, L.},
   Title = {Optimal opportunistic forwarding with energy constraint for {DTN}},
   BookTitle = {INFOCOM IEEE Conference on Computer Communications Workshops, 2010},
   Pages = {1--2},
   Year = {2010} }




@inproceedings{
z20102212975997,
   Author = {Zhang, Xiaolan and Zhang, Honggang and Gu, Yu},
   Title = {Impact of source counter on DTN routing control under resource constraints},
   BookTitle = {2nd International Workshop on Mobile Opportunistic Networking, MobiOpp 2010},
   Address= {Pisa, Italy},
   Pages = {41-50},
   Keywords = {Ad hoc networks;Markov processes;Optimization;Routing protocols;Scheduling;},
   Year = {2010} }




@article{
zaZhuLi-28,
   Author = {Zhu, Hongzi and Li, Minglu and Fu, Luoyi and Xue, Guangtao and Zhu, Yanmin and Ni, Lionel M.},
   Title = {Impact of Traffic Influxes: Revealing Exponential Intercontact Time in Urban {VANET}s},
   Journal = {IEEE Trans. Parallel Distrib. Syst},
   Volume = {22},
   Number = {8},
   Pages = {1258--1266},
   DOI = {10.1109/TPDS.2010.176},
   Keywords = {Vehicular ad hoc networks, intercontact time, exponential tail, mobility model, traffic influx,
   empirical data analysis.},
   Year = {2011} }




@article{
zb20080311017302,
   Author = {Zhang, X. L. and Kurose, J. and Levine, B. N. and Towsley, D. and Zhang, H. G.},
   Title = {Study of a Bus-based Disruption-Tolerant Network: Mobility Modeling and Impact on Routing},
   Journal = {MOBICOM'07: proceedings of the 13th ACM international conference on mobile computing and networking},
   Pages = {195-206},
   Keywords = {DTN; Mobility Trace Modeling; Epidemic Routing},
   Year = {2007} }




@article{
zcMcdonaldZnati-30,
   Author = {McDonald, A. B. and Znati, T. F.},
   Title = {A mobility-based framework for adaptive clustering in wireless ad hoc networks},
   Journal = {Selected Areas in Communications, IEEE Journal on},
   Volume = {17},
   Number = {8},
   Pages = {1466-1487},
   Keywords = {adaptive systems; land mobile radio; network topology; packet radio networks; probability;
   telecommunication network routing; (&alpha;, t) cluster; adaptive cluster topology; adaptive clustering;
   adaptive hybrid routing architecture; cluster organization; efficient distributed clustering algorithm;
   mobile computing; mobile nodes; mobility model; mobility rates; optimal routing; packet radio networks; path
   availability; path availability probability; topological changes; wireless ad hoc networks},
   Year = {1999} }


@inproceedings{
KeranenOtt-155,
   Author = {Keraen, Ari and Ott, Jarg and Karkkainen, Teemu},
   Title = {The {ONE} simulator for {DTN} protocol evaluation},
   BookTitle = {Proceedings of the 2nd International Conference on Simulation Tools and Techniques},
   Publisher = {ICST (Institute for Computer Sciences, Social-Informatics and Telecommunications Engineering)},
   Pages = {55},
   Year = {2009} }

@article{ozer1985correlation,
  title={Correlation and the coefficient of determination.},
  author={Ozer, Daniel J},
  journal={Psychological Bulletin},
  publisher={American Psychological Association},
  volume={97},
  number={2},
  pages={307},
  year={1985}
}

@inproceedings{
AbdullaSimon-547,
   Author = {Abdulla, Muhammad and Simon, Robert},
   Title = {Characteristics of common mobility models for opportunistic networks},
   BookTitle = {Proceedings of the 2nd ACM workshop on Performance monitoring and measurement of heterogeneous wireless and wired networks},
   Publisher = {ACM},
   Pages = {105-109},
   Year = {2007} }

@inproceedings{
AbdullaSimon-548,
   Author = {Abdulla, Muhammad and Simon, Robert},
   Title = {A simulation study of common mobility models for opportunistic networks},
   BookTitle = {Simulation Symposium, 2008. ANSS 2008. 41st Annual},

   Publisher = {IEEE},
   Pages = {43-50},
   Year = {2008} }


@inproceedings{
SpyropoulosPsounis-544,
   Author = {Spyropoulos, Thrasyvoulos and Psounis, Konstantinos and Raghavendra, Cauligi S.},
   Title = {Performance analysis of mobility-assisted routing},
   BookTitle = {Proceedings of the 7th ACM international symposium on Mobile ad hoc networking and computing},

   Publisher = {ACM},
   Pages = {49-60},
   Year = {2006} }


@article{
HuangLuo-550,
   Author = {Huang, Hong-Yu and Luo, Pei-En and Li, Minglu and Li, Da and Li, Xu and Shu, Wei and Wu, Min-You},
   Title = {Performance evaluation of {SUVnet} with real-time traffic data},
   Journal = {Vehicular Technology, IEEE Transactions on},
   Volume = {56},
   Number = {6},
   Pages = {3381-3396},
   Year = {2007} }

   @inproceedings{
Doeringgel-553,
   Author = {Doering, Michael and Pogel, Tobias and Pottner, Wolf-Bastian and Wolf, Lars},
   Title = {A new mobility trace for realistic large-scale simulation of bus-based DTNs},
   BookTitle = {Proceedings of the 5th ACM workshop on Challenged networks},

   Publisher = {ACM},
   Pages = {71-74},
   Year = {2010} }

@article{
JainPatra-556,
   Author = {Jain, Melissa Ho and Patra, Robin},
   Title = {Implementing delay tolerant networking},
   Year = {2003} }



@book{JainFall-771,
  title={Routing in a delay tolerant network},
  author={Jain, Sushant and Fall, Kevin and Patra, Rabin},
  volume={34},
  year={2004},
  publisher={ACM}
}

@article{kernal2005survey,
  title={Survey on Routing Protocols for Wireless Sensor Network},
  author={Kernal, A and Mohamed, Y},
  journal={Elsevier Ad-hoc Network},
  volume={3},
  number={3},
  pages={325--349},
  year={2005}
}


@inproceedings{
GrossglauserTse-777,
   Author = {Grossglauser, Matthias and Tse, David},
   Title = {Mobility increases the capacity of ad-hoc wireless networks},
   BookTitle = {INFOCOM 2001. Twentieth Annual Joint Conference of the IEEE Computer and Communications Societies. Proceedings. IEEE},
   Publisher = {IEEE},
   Volume = {3},
   Pages = {1360-1369},
   Year = {2001} }


@article{
SpyropoulosPsounis-778,
   Author = {Spyropoulos, Thrasyvoulos and Psounis, Konstantinos and Raghavendra, Cauligi S.},
   Title = {Efficient routing in intermittently connected mobile networks: the multiple-copy case},
   Journal = {Networking, IEEE/ACM Transactions on},
   Volume = {16},
   Number = {1},
   Pages = {77-90},
   Year = {2008} }


@techreport{
VahdatBecker-779,
   Author = {Vahdat, Amin and Becker, David},
   Title = {Epidemic routing for partially connected ad hoc networks},
   Institution = {Technical Report CS-200006, Duke University},
   Year = {2000} }


@inproceedings{
BalasubramanianLevine-489,
   Author = {Balasubramanian, Aruna and Levine, Brian and Venkataramani, Arun},
   Title = {{DTN} routing as a resource allocation problem},
   BookTitle = {ACM SIGCOMM Computer Communication Review},
   Publisher = {ACM},
   Volume = {37},
   Pages = {373-384},
   Note  = {4},
   Year = {2007} }


@article{
LeightonMaggs-780,
   Author = {Leighton, Frank Thomson and Maggs, Bruce M. and Ranade, Abhiram G. and Rao, Satish B.},
   Title = {Randomized routing and sorting on fixed-connection networks},
   Journal = {Journal of Algorithms},
   Volume = {17},
   Number = {1},
   Pages = {157-205},
   Year = {1994} }


@incollection{
LindgrenDoria-782,
   Author = {Lindgren, Anders and Doria, Avri and Schelen, Olov},
   Title = {Probabilistic routing in intermittently connected networks},
   BookTitle = {Service Assurance with Partial and Intermittent Resources},
   Series = {Service Assurance with Partial and Intermittent Resources},
   Publisher = {Springer},
   Pages = {239-254},
   Year = {2004} }


@inproceedings{
BurgessGallagher-783,
   Author = {Burgess, John and Gallagher, Brian and Jensen, David and Levine, Brian Neil},
   Title = {{MaxProp}: Routing for Vehicle-Based Disruption-Tolerant Networks.},
   BookTitle = {INFOCOM},
   Volume = {6},
   Pages = {1-11},
   Year = {2006} }


@article{
DangWu-784,
   Author = {Dang, Ha and Wu, Hongyi},
   Title = {Clustering and cluster-based routing protocol for delay-tolerant mobile networks},
   Journal = {Wireless Communications, IEEE Transactions on},
   Volume = {9},
   Number = {6},
   Pages = {1874-1881},
   Year = {2010} }


@inproceedings{
SpyropoulosPsounis-772,
   Author = {Spyropoulos, Thrasyvoulos and Psounis, Konstantinos and Raghavendra, Cauligi S.},
   Title = {Spray and wait: an efficient routing scheme for intermittently connected mobile networks},
   BookTitle = {Proceedings of the 2005 ACM SIGCOMM workshop on Delay-tolerant networking},
   Publisher = {ACM},
   Pages = {252-259},
   Year = {2005} }


@article{LW07-VANET,
  title={Routing in vehicular ad hoc networks: A survey},
  author={Li, Fan and Wang, Yu},
  journal={Vehicular Technology Magazine, IEEE},
  year={2007},
  volume={2},
  number={2},
  pages={12--22},
  publisher={IEEE}
}


@article{LZFW12-IJDSN,
  title={Hybrid Position-Based and DTN Forwarding for Vehicular Sensor Networks},
  author={Li, Fan and Zhao, Lei and Fan, Xiumei and Wang, Yu},
  journal={International Journal of Distributed Sensor Networks},
  volume={2012},
  pages={1--10},
  year={2012},
  publisher={Hindawi Publishing Corporation}
}

@article{ZXSW13-DTN-survey,
  author={Ying Zhu and Bin Xu and Xinghua Shi and Yu Wang},
  title={A Survey of Social-based Routing in Delay Tolerant Networks: Positive and Negative Social Effects},
  year = {2013},
  journal={IEEE Communication Survey and Tutorials},
  volume={15},
  number={1},
  pages={387-401}
}

@article{cao2013routing,
  title={Routing in delay/disruption tolerant networks: A taxonomy, survey and challenges},
  author={Cao, Yue and Sun, Zhili},
  journal={Communications Surveys \& Tutorials, IEEE},
  volume={15},
  number={2},
  pages={654--677},
  year={2013},
  publisher={IEEE}
}

@ARTICLE{6522582,
author={Fu, Q. and Krishnamachari, B. and Zhang, L.},
journal={Tsinghua Science and Technology},
title={{DAWN}: A density adaptive routing for deadline-based data collection in vehicular delay tolerant networks},
year={2013},
month={June},
volume={18},
number={3},
pages={230-241},
keywords={channel capacity;deadline-based data collection;delay tolerant networks;node density adaptive routing},
doi={10.1109/TST.2013.6522582},}

@inproceedings{Ganti:2013:IHM:2493432.2493466,
 author = {Ganti, Raghu and Srivatsa, Mudhakar and Ranganathan, Anand and Han, Jiawei},
 title = {Inferring Human Mobility Patterns from Taxicab Location Traces},
 booktitle = {Proceedings of the 2013 ACM International Joint Conference on Pervasive and Ubiquitous Computing},
 series = {UbiComp '13},
 year = {2013},
 isbn = {978-1-4503-1770-2},
 location = {Zurich, Switzerland},
 pages = {459--468},
 numpages = {10},
 doi = {10.1145/2493432.2493466},
 acmid = {2493466},
 publisher = {ACM},
 address = {New York, NY, USA},
 keywords = {hidden markov models, human mobility patterns, taxi cab occupancy, trajectory analysis},
}


@inproceedings{Aslam:2012:CTE:2426656.2426671,
 author = {Aslam, Javed and Lim, Sejoon and Pan, Xinghao and Rus, Daniela},
 title = {City-scale Traffic Estimation from a Roving Sensor Network},
 booktitle = {Proceedings of the 10th ACM Conference on Embedded Network Sensor Systems},
 series = {SenSys '12},
 year = {2012},
 isbn = {978-1-4503-1169-4},
 location = {Toronto, Ontario, Canada},
 pages = {141--154},
 numpages = {14},
  doi = {10.1145/2426656.2426671},
 acmid = {2426671},
 publisher = {ACM},
 address = {New York, NY, USA},
 keywords = {GPS, estimation, inductor loop detector, prediction, sensor network, taxi, traffic},
}
